@article{Supaero,
  author    = {A. Bonnet and J. Luneau},
  title     = {Tables de détente ou de compression isentropique et Tables de choc plan ou conique de révolution},
  journal   = {Revue Supaero},  % ou remplace par le vrai journal si tu en as un
  year      = {1980},           % ou année réelle
  volume    = {3},
  pages     = {63--65},
  publisher = {Supaero}
}

